#1
@article{rahman2021statistical,
  title={Statistical Analysis of Bangladesh Education System before and after COVID 19},
  author={Rahman, Mohammad Mizanur},
  journal={International Journal of Economics, Business and Management Studies},
  volume={8},
  pages={31--40},
  year={2021}
}

@article{sia2020facing,
  title={Facing the unknown: pandemic and higher education in Malaysia},
  author={Sia, Joseph Kee-Ming and Adamu, Adamu Abbas},
  journal={Asian Education and Development Studies},
  year={2020},
  publisher={Emerald Publishing Limited}
}


@article{crossouard2008developing,
  title={Developing alternative models of doctoral supervision with online formative assessment},
  author={Crossouard, Barbara},
  journal={Studies in Continuing Education},
  volume={30},
  number={1},
  pages={51--67},
  year={2008},
  publisher={Taylor \& Francis}
}

@article{lu2022supervision,
  title={Supervision system of English online teaching based on machine learning},
  author={Lu, Wen and Vivekananda, GN and Shanthini, A},
  journal={Progress in artificial intelligence},
  pages={1--12},
  year={2022},
  publisher={Springer}
}
@article{askew2016facilitators,
  title={Facilitators and barriers to doctoral supervision: A case study in health sciences.},
  author={Askew, Catherine and Dixon, Robyn and McCormick, Ross and Callaghan, Kathleen and Wang, Grace Ying and Shulruf, Boaz},
  journal={Issues in Educational Research},
  volume={26},
  number={1},
  pages={1--9},
  year={2016}
}


@article{costa2018systematic,
  title={A systematic review of challenges in research supervision at South African universities},
  journal={Computer Science},
  author={Costa, King},
  year={2018},
  publisher={Preprints}
}
@article{kaddoura2022systematic,
  title={A systematic review on machine learning models for online learning and examination systems},
  author={Kaddoura, Sanaa and Popescu, Daniela Elena and Hemanth, Jude D},
  journal={PeerJ Computer Science},
  volume={8},
  pages={e986},
  year={2022},
  publisher={PeerJ Inc.}
}

@inproceedings{hamzah2017web,
  title={Web-based learning environment based on studentsâ€™ needs},
  author={Hamzah, N and Ariffin, A and Hamid, H},
  booktitle={IOP Conference Series: Materials Science and Engineering},
  volume={226},
  number={1},
  pages={012196},
  year={2017},
  organization={IOP Publishing}
}

@inproceedings{dadi2020overview,
  title={An overview of an automated essay grading systems on content and non content based},
  author={Dadi, Ramesh and Pasha, Syed Nawaz and Sallauddin, Mohammad and Sidhardha, Chintoju and Harshavardhan, A},
  booktitle={IOP Conference Series: Materials Science and Engineering},
  volume={981},
  number={2},
  pages={022016},
  year={2020},
  organization={IOP Publishing}
}

@article{shehab2018automatic,
  title={An automatic Arabic essay grading system based on text similarity Algorithms},
  author={Shehab, Abdulaziz and Faroun, Mahmoud and Rashad, Magdi},
  journal={International Journal of Advanced Computer Science and Applications},
  volume={9},
  number={3},
  year={2018},
  publisher={Science and Information (SAI) Organization Limited}
}

@article{noguera2018collaborative,
  title={Collaborative agile learning in online environments: Strategies for improving team regulation and project management},
  author={Noguera, Ingrid and Guerrero-Rold{\'a}n, Ana-Elena and Mas{\'o}, Ricard},
  journal={Computers \& Education},
  volume={116},
  pages={110--129},
  year={2018},
  publisher={Elsevier}
}
@article{daradoumis2019analyzing,
  title={Analyzing students' perceptions to improve the design of an automated assessment tool in online distributed programming},
  author={Daradoumis, Thanasis and Puig, Joan Manuel Marqu{\`e}s and Arguedas, Marta and Li{\~n}an, Laura Calvet},
  journal={Computers \& Education},
  volume={128},
  pages={159--170},
  year={2019},
  publisher={Elsevier}
}

@article{fadol2018comparative,
  title={A comparative analysis of flipped, online and traditional teaching: A case of female Middle Eastern management students},
  author={Fadol, Yasir and Aldamen, Husam and Saadullah, Shahriar},
  journal={The International Journal of Management Education},
  volume={16},
  number={2},
  pages={266--280},
  year={2018},
  publisher={Elsevier}
}

@article{han2016use,
  title={The use of a mobile learning management system and academic achievement of online students},
  author={Han, Insook and Shin, Won Sug},
  journal={Computers \& Education},
  volume={102},
  pages={79--89},
  year={2016},
  publisher={Elsevier}
}




@article{iwasaki2019design,
  title={Design of e-learning and online tutoring as learning support for academic writing},
  author={Iwasaki, Chiaki and Tada, Yasuhiro and Furukawa, Tomoki and Sasaki, Kaede and Yamada, Yoshinori and Nakazawa, Tsutomu and Ikezawa, Tomoya},
  journal={Asian Association of Open Universities Journal},
  volume={14},
  number={2},
  pages={85--96},
  year={2019},
  publisher={Emerald Publishing Limited}
}


@inproceedings{hansen2015optimizing,
  title={Optimizing student and supervisor interaction during the SciPro thesis process--concepts and design},
  author={Hansen, Preben and Hansson, Henrik},
  booktitle={International Conference on Web-Based Learning},
  pages={245--250},
  year={2015},
  organization={Springer}
}

@inproceedings{snae2008web,
  title={Web-based evaluation system for online courses and Learning Management Systems},
  author={Snae, Chakkrit and Bruckner, Michael},
  booktitle={2008 2nd IEEE International Conference on Digital Ecosystems and Technologies},
  pages={332--339},
  year={2008},
  organization={IEEE}
}